<?xml version="1.0" encoding="UTF-8"?>
<Document xmlns="urn:iso:std:iso:20022:tech:xsd:camt.053.001.08">
    <BkToCstmrStmt>
        <GrpHdr>
            <MsgId>CAMT053-BTL-20260416-001</MsgId>
            <CreDtTm>2026-04-16T18:00:00</CreDtTm>
        </GrpHdr>
        <Stmt>
            <Id>STMT-20260416-001</Id>
            <ElctrncSeqNb>125</ElctrncSeqNb>
            <CreDtTm>2026-04-16T18:00:00</CreDtTm>
            <Acct>
                <Id>
                    <IBAN>TN5910006035000000000001</IBAN>
                </Id>
                <Ccy>EUR</Ccy>
                <Ownr>
                    <Nm>Tunisian Libyan Bank - Compte Nostro</Nm>
                </Ownr>
                <Svcr>
                    <FinInstnId>
                        <BICFI>BNPAFRPP</BICFI>
                        <Nm>BNP Paribas SA</Nm>
                    </FinInstnId>
                </Svcr>
            </Acct>
            <Bal>
                <Tp><CdOrPrtry><Cd>OPBD</Cd></CdOrPrtry></Tp>
                <Amt Ccy="EUR">1250000.00</Amt>
                <CdtDbtInd>CRDT</CdtDbtInd>
                <Dt><Dt>2026-04-15</Dt></Dt>
            </Bal>
            <Bal>
                <Tp><CdOrPrtry><Cd>CLBD</Cd></CdOrPrtry></Tp>
                <Amt Ccy="EUR">1312500.00</Amt>
                <CdtDbtInd>CRDT</CdtDbtInd>
                <Dt><Dt>2026-04-16</Dt></Dt>
            </Bal>
            <TxsSummry>
                <TtlNtries>
                    <NbOfNtries>3</NbOfNtries>
                </TtlNtries>
                <TtlCdtNtries>
                    <NbOfNtries>2</NbOfNtries>
                    <Sum>87500.00</Sum>
                </TtlCdtNtries>
                <TtlDbtNtries>
                    <NbOfNtries>1</NbOfNtries>
                    <Sum>25000.00</Sum>
                </TtlDbtNtries>
            </TxsSummry>
            <Ntry>
                <Amt Ccy="EUR">25000.00</Amt>
                <CdtDbtInd>CRDT</CdtDbtInd>
                <Sts><Cd>BOOK</Cd></Sts>
                <BookgDt><Dt>2026-04-16</Dt></BookgDt>
                <ValDt><Dt>2026-04-16</Dt></ValDt>
                <AcctSvcrRef>REF-BNP-20260416-001</AcctSvcrRef>
                <BkTxCd>
                    <Domn><Cd>PMNT</Cd><Fmly><Cd>RCDT</Cd><SubFmlyCd>ESCT</SubFmlyCd></Fmly></Domn>
                </BkTxCd>
                <NtryDtls>
                    <TxDtls>
                        <Refs>
                            <EndToEndId>E2E-ALPHA-2026-0045</EndToEndId>
                        </Refs>
                        <AmtDtls>
                            <TxAmt><Amt Ccy="EUR">25000.00</Amt></TxAmt>
                        </AmtDtls>
                        <RltdPties>
                            <Dbtr><Nm>SOCIETE MEDITERRANEENNE D EXPORT SARL</Nm></Dbtr>
                            <Cdtr><Nm>DUPONT ET FILS INDUSTRIES SA</Nm></Cdtr>
                        </RltdPties>
                        <RmtInf>
                            <Ustrd>PAIEMENT FACTURE INV-2026-0312</Ustrd>
                        </RmtInf>
                    </TxDtls>
                </NtryDtls>
            </Ntry>
            <Ntry>
                <Amt Ccy="EUR">62500.00</Amt>
                <CdtDbtInd>CRDT</CdtDbtInd>
                <Sts><Cd>BOOK</Cd></Sts>
                <BookgDt><Dt>2026-04-16</Dt></BookgDt>
                <ValDt><Dt>2026-04-16</Dt></ValDt>
                <AcctSvcrRef>REF-BNP-20260416-002</AcctSvcrRef>
                <BkTxCd>
                    <Domn><Cd>PMNT</Cd><Fmly><Cd>RCDT</Cd><SubFmlyCd>ESCT</SubFmlyCd></Fmly></Domn>
                </BkTxCd>
                <NtryDtls>
                    <TxDtls>
                        <Refs>
                            <EndToEndId>E2E-IMPORT-OLIVE-2026</EndToEndId>
                        </Refs>
                        <AmtDtls>
                            <TxAmt><Amt Ccy="EUR">62500.00</Amt></TxAmt>
                        </AmtDtls>
                        <RltdPties>
                            <Dbtr><Nm>CARREFOUR IMPORT SAS</Nm></Dbtr>
                            <Cdtr><Nm>COOPERATIVE OLÉICOLE DE SFAX</Nm></Cdtr>
                        </RltdPties>
                        <RmtInf>
                            <Ustrd>ACHAT HUILE D OLIVE EXTRA VIERGE 50 TONNES LOT 2026-04</Ustrd>
                        </RmtInf>
                    </TxDtls>
                </NtryDtls>
            </Ntry>
            <Ntry>
                <Amt Ccy="EUR">25000.00</Amt>
                <CdtDbtInd>DBIT</CdtDbtInd>
                <Sts><Cd>BOOK</Cd></Sts>
                <BookgDt><Dt>2026-04-16</Dt></BookgDt>
                <ValDt><Dt>2026-04-16</Dt></ValDt>
                <AcctSvcrRef>REF-BNP-20260416-003</AcctSvcrRef>
                <BkTxCd>
                    <Domn><Cd>PMNT</Cd><Fmly><Cd>ICDT</Cd><SubFmlyCd>ESCT</SubFmlyCd></Fmly></Domn>
                </BkTxCd>
                <NtryDtls>
                    <TxDtls>
                        <Refs>
                            <EndToEndId>E2E-SALAH-SCOLARITE</EndToEndId>
                        </Refs>
                        <RltdPties>
                            <Dbtr><Nm>AHMED SALAH BEN YOUSSEF</Nm></Dbtr>
                            <Cdtr><Nm>UNIVERSITY OF LONDON</Nm></Cdtr>
                        </RltdPties>
                        <RmtInf>
                            <Ustrd>FRAIS DE SCOLARITE 2026-2027</Ustrd>
                        </RmtInf>
                    </TxDtls>
                </NtryDtls>
            </Ntry>
        </Stmt>
    </BkToCstmrStmt>
</Document>